@ARTICLE{Armitage07,
       author = {{Armitage}, Philip J.},
        title = "{Lecture notes on the formation and early evolution of planetary systems}",
      journal = {arXiv e-prints},
     keywords = {Astrophysics},
         year = "2007",
        month = "Jan",
          eid = {astro-ph/0701485},
        pages = {astro-ph/0701485},
archivePrefix = {arXiv},
       eprint = {astro-ph/0701485},
 primaryClass = {astro-ph},
       adsurl = {https://ui.adsabs.harvard.edu/\#abs/2007astro.ph..1485A},
      adsnote = {Provided by the SAO/NASA Astrophysics Data System}
}


@INPROCEEDINGS{LesHouches,
       author = {{Youdin}, A.~N.},
        title = "{From Grains to Planetesimals}",
     keywords = {Astrophysics},
    booktitle = {EAS Publications Series},
         year = "2010",
       editor = {{Montmerle}, T. and {Ehrenreich}, D. and {Lagrange}, A. -M.},
       series = {EAS Publications Series},
       volume = {41},
        month = "Jan",
        pages = {187-207},
          doi = {10.1051/eas/1041016},
archivePrefix = {arXiv},
       eprint = {0807.1114},
 primaryClass = {astro-ph},
       adsurl = {https://ui.adsabs.harvard.edu/\#abs/2010EAS....41..187Y},
      adsnote = {Provided by the SAO/NASA Astrophysics Data System}
}


@ARTICLE{ChiangYoudin10,
       author = {{Chiang}, E. and {Youdin}, A.~N.},
        title = "{Forming Planetesimals in Solar and Extrasolar Nebulae}",
      journal = {Annual Review of Earth and Planetary Sciences},
     keywords = {Astrophysics - Earth and Planetary Astrophysics, Astrophysics - Solar and Stellar Astrophysics},
         year = "2010",
        month = "May",
       volume = {38},
        pages = {493-522},
          doi = {10.1146/annurev-earth-040809-152513},
archivePrefix = {arXiv},
       eprint = {0909.2652},
 primaryClass = {astro-ph.EP},
       adsurl = {https://ui.adsabs.harvard.edu/\#abs/2010AREPS..38..493C},
      adsnote = {Provided by the SAO/NASA Astrophysics Data System}
}

@ARTICLE{Weidenschilling77,
   author = {{Weidenschilling}, S.~J.},
    title = "{Aerodynamics of solid bodies in the solar nebula}",
  journal = {MNRAS},
 keywords = {Aerodynamic Drag, Interplanetary Dust, Nebulae, Radial Velocity, Solids, Sun, Equations Of Motion, Fractionation, Orbital Velocity, Particle Collisions, Particle Motion, Pressure Gradients, Stellar Models, Wind Velocity},
     year = 1977,
    month = jul,
   volume = 180,
    pages = {57-70},
      doi = {10.1093/mnras/180.1.57},
   adsurl = {http://adsabs.harvard.edu/abs/1977MNRAS.180...57W},
  adsnote = {Provided by the SAO/NASA Astrophysics Data System}
}


@ARTICLE{Nakagawa86,
   author = {{Nakagawa}, Y. and {Sekiya}, M. and {Hayashi}, C.},
    title = "{Settling and growth of dust particles in a laminar phase of a low-mass solar nebula}",
  journal = {ICARUS},
 keywords = {Cosmic Dust, Laminar Flow, Particle Size Distribution, Solar Corona, Stellar Evolution, Computational Astrophysics, Convection Currents, Plasma Turbulence, Stellar Mass, Two Phase Flow},
     year = 1986,
    month = sep,
   volume = 67,
    pages = {375-390},
      doi = {10.1016/0019-1035(86)90121-1},
   adsurl = {http://adsabs.harvard.edu/abs/1986Icar...67..375N},
  adsnote = {Provided by the SAO/NASA Astrophysics Data System}
}

@Article{Birnstiel2016,
    author="Birnstiel, T. and Fang, M. and Johansen, A.",
    title="Dust Evolution and the Formation of Planetesimals",
    journal="Space Science Reviews",
    year="2016",
    month="Dec",
    day="01",
    volume="205",
    number="1",
    pages="41--75",
    issn="1572-9672",
    doi="10.1007/s11214-016-0256-1",
    url="https://doi.org/10.1007/s11214-016-0256-1"
}

@ARTICLE{Windmark12,
       author = {{Windmark}, F. and {Birnstiel}, T. and {G{\"u}ttler}, C. and {Blum}, J. and
         {Dullemond}, C.~P. and {Henning}, Th.},
        title = "{Planetesimal formation by sweep-up: how the bouncing barrier can be beneficial to growth}",
      journal = {Astronomy and Astrophysics},
     keywords = {accretion, accretion disks, protoplanetary disks, stars: pre-main sequence, planets and satellites: formation, circumstellar matter, Astrophysics - Earth and Planetary Astrophysics},
         year = "2012",
        month = "Apr",
       volume = 540,
          doi = {10.1051/0004-6361/201118475},
archivePrefix = {arXiv},
       eprint = {1201.4282},
 primaryClass = {astro-ph.EP},
       adsurl = {https://ui.adsabs.harvard.edu/\#abs/2012A&A...540A..73W},
      adsnote = {Provided by the SAO/NASA Astrophysics Data System}
}


@INPROCEEDINGS{Fulle,
       author = {{Fulle}, M.},
        title = "{Rosseta and the pebbles forming planetesimals}",
         year = "2015",
     keywords = {Astrophysics},
    booktitle = {Visnjan School of Astronomy Lecture}
}

@ARTICLE{Youdin05,
       author = {{Youdin}, Andrew N. and {Goodman}, Jeremy},
        title = "{Streaming Instabilities in Protoplanetary Disks}",
      journal = {The Astrophysical Journal},
     keywords = {Hydrodynamics, Instabilities, Stars: Planetary Systems: Formation, Stars: Planetary Systems: Protoplanetary Disks, Astrophysics},
         year = "2005",
        month = "Feb",
       volume = {620},
        pages = {459-469},
          doi = {10.1086/426895},
archivePrefix = {arXiv},
       eprint = {astro-ph/0409263},
 primaryClass = {astro-ph},
       adsurl = {https://ui.adsabs.harvard.edu/\#abs/2005ApJ...620..459Y},
      adsnote = {Provided by the SAO/NASA Astrophysics Data System}
}

@ARTICLE{Simon16,
   author = {{Simon}, J.~B. and {Armitage}, P.~J. and {Li}, R. and {Youdin}, A.~N.
	},
    title = "{The Mass and Size Distribution of Planetesimals Formed by the Streaming Instability. I. The Role of Self-gravity}",
  journal = {The Astrophysical Journal},
archivePrefix = "arXiv",
   eprint = {1512.00009},
 primaryClass = "astro-ph.SR",
 keywords = {hydrodynamics, instabilities, planets and satellites: formation, protoplanetary disks},
     year = 2016,
    month = may,
   volume = 822,
      eid = {55},
    pages = {55},
      doi = {10.3847/0004-637X/822/1/55},
   adsurl = {http://adsabs.harvard.edu/abs/2016ApJ...822...55S},
  adsnote = {Provided by the SAO/NASA Astrophysics Data System}
}
